% zdroj na webe
@misc{jakub,
	author = "Bc. Bronislava Jakubičková",
	title = "Gamifikácia vo vzdelávaní dospelých", "\url{https://www.prohuman.sk/pedagogika/gamifikacia-vo-vzdelavani-dospelych}",
}
% zdroj na webe
@misc{buljan,
	author = "Mario Buljan",
	title = "Gamification For Learning: Strategies And Examples", "\url{https://elearningindustry.com/gamification-for-learning-strategies-and-examples}",
}